<record><leader>00000cas a22000007a 4500</leader><controlfield tag="001">12364915</controlfield><controlfield tag="008">850808d18831886iauwr ne      0    0eng d</controlfield><datafield ind1=" " ind2=" " tag="010"><subfield code="a">sn 85050868 </subfield></datafield><datafield ind1=" " ind2=" " tag="040"><subfield code="a">INP</subfield><subfield code="b">eng</subfield><subfield code="c">INP</subfield><subfield code="d">OCLCQ</subfield></datafield><datafield ind1=" " ind2=" " tag="042"><subfield code="a">msc</subfield></datafield><datafield ind1="0" ind2=" " tag="130"><subfield code="a">Independent (Belle Plaine, Iowa : 1883)</subfield></datafield><datafield ind1="1" ind2="4" tag="245"><subfield code="a">The independent.</subfield></datafield><datafield ind1="1" ind2="3" tag="246"><subfield code="a">Belle Plaine independent</subfield></datafield><datafield ind1=" " ind2=" " tag="260"><subfield code="a">Belle Plaine, Iowa :</subfield><subfield code="b">J.P. Wallace</subfield></datafield><datafield ind1=" " ind2=" " tag="300"><subfield code="a">v. :</subfield><subfield code="b">ill. (chiefly advertisements) ;</subfield><subfield code="c">64 cm.</subfield></datafield><datafield ind1=" " ind2=" " tag="310"><subfield code="a">Weekly</subfield></datafield><datafield ind1="1" ind2=" " tag="362"><subfield code="a">Began in 1883?</subfield><subfield code="z">Cf. Bibl. of Iowa newspapers.</subfield></datafield><datafield ind1="1" ind2=" " tag="362"><subfield code="a">Ceased May 12? 1886.</subfield><subfield code="z">Cf. May 12, 1886 issue.</subfield></datafield><datafield ind1=" " ind2=" " tag="500"><subfield code="a">Publishers: Independent Pub. Co., Dec. 12, 1883-July 1, 1884; J.P. Wallace, July 8, 1884-</subfield></datafield><datafield ind1=" " ind2=" " tag="500"><subfield code="a">"Justice, fraternity, goodwill."</subfield></datafield><datafield ind1=" " ind2=" " tag="500"><subfield code="a">Editors: Allie B. Busby, &lt;Mar. 21&gt;-May 23, 1883; A.F. Bell, June 27-Dec. 5, 1883; Allie B. Busby, Jan. 23-July 1, 1884.</subfield></datafield><datafield ind1=" " ind2=" " tag="515"><subfield code="a">Issues for &lt;Mar. 21, 1883&gt;-May 12, 1886, called also old ser., v. 7, no. 45-v. 11, no. 1.</subfield></datafield><datafield ind1=" " ind2=" " tag="525"><subfield code="a">Has occasional supplements.</subfield></datafield><datafield ind1=" " ind2=" " tag="588"><subfield code="a">Description based on: New ser. v. 1, no. 6 (Mar. 21, 1883).</subfield></datafield><datafield ind1=" " ind2=" " tag="752"><subfield code="a">United States</subfield><subfield code="b">Iowa</subfield><subfield code="c">Benton</subfield><subfield code="d">Belle Plaine.</subfield></datafield><datafield ind1="0" ind2="0" tag="780"><subfield code="t">Blairstown independent</subfield><subfield code="w">(DLC)sn 85050838</subfield></datafield><datafield ind1="0" ind2="7" tag="785"><subfield code="t">Benton County herald (Vinton, Iowa : 1878)</subfield><subfield code="w">(DLC)sn 85050847</subfield></datafield><datafield ind1="0" ind2="7" tag="785"><subfield code="t">Independent-herald (Vinton, Iowa)</subfield></datafield><datafield ind1="1" ind2=" " tag="029"><subfield code="a">AU@</subfield><subfield code="b">000025788564</subfield></datafield></record>